<record><leader>00000cas a2200000 a 4500</leader><controlfield tag="001">12200849</controlfield><controlfield tag="008">850626d19601970ksuwr ne      0    0eng d</controlfield><datafield ind1=" " ind2=" " tag="010"><subfield code="a">sn 85031365 </subfield></datafield><datafield ind1=" " ind2=" " tag="040"><subfield code="a">KSH</subfield><subfield code="b">eng</subfield><subfield code="c">KSH</subfield><subfield code="d">NPT</subfield><subfield code="d">OCL</subfield><subfield code="d">OCLCQ</subfield></datafield><datafield ind1=" " ind2=" " tag="042"><subfield code="a">msc</subfield></datafield><datafield ind1="0" ind2=" " tag="130"><subfield code="a">Cherryvale republican (Cherryvale, Kan. : 1960)</subfield></datafield><datafield ind1="1" ind2="4" tag="245"><subfield code="a">The Cherryvale republican.</subfield></datafield><datafield ind1="1" ind2="3" tag="246"><subfield code="a">Cherryvale daily republican</subfield><subfield code="f">Aug. 15-Oct. 31, 1960</subfield></datafield><datafield ind1=" " ind2=" " tag="260"><subfield code="a">Cherryvale, Kan. :</subfield><subfield code="b">Robert R. Moffatt,</subfield><subfield code="c">1960-</subfield></datafield><datafield ind1=" " ind2=" " tag="300"><subfield code="a">v. :</subfield><subfield code="b">ill. ;</subfield><subfield code="c">43 cm.</subfield></datafield><datafield ind1=" " ind2=" " tag="310"><subfield code="a">Weekly,</subfield><subfield code="b">Nov. 8, 1966-</subfield></datafield><datafield ind1=" " ind2=" " tag="321"><subfield code="a">Frequency varies,</subfield><subfield code="b">Apr. 27, 1960-Nov. 1, 1966</subfield></datafield><datafield ind1="0" ind2=" " tag="362"><subfield code="a">Vol. 61, no. 202 (Apr. 27, 1960)-</subfield></datafield><datafield ind1="1" ind2=" " tag="362"><subfield code="a">Ceased with Apr. 1, 1970 issue?</subfield></datafield><datafield ind1=" " ind2=" " tag="500"><subfield code="a">Published by Ray S. Francis, Dec. 7, 1960-</subfield></datafield><datafield ind1=" " ind2=" " tag="752"><subfield code="a">United States</subfield><subfield code="b">Kansas</subfield><subfield code="c">Montgomery</subfield><subfield code="d">Cherryvale.</subfield></datafield><datafield ind1="0" ind2="0" tag="780"><subfield code="t">Cherryvale daily republican (Cherryvale, Kan. : 1957)</subfield><subfield code="w">(DLC)sn 85031364</subfield></datafield></record>